<?xml version="1.0" encoding="UTF-8"?><record xmlns="http://www.loc.gov/MARC21/slim" xmlns:cinclude="http://apache.org/cocoon/include/1.0" xmlns:zs="http://www.loc.gov/zing/srw/">
  <leader>02098cz  a2200277n  4500</leader>
  <controlfield tag="001">n  79068347 </controlfield>
  <controlfield tag="003">DLC</controlfield>
  <controlfield tag="005">20160311075342.0</controlfield>
  <controlfield tag="008">791003n| azannaabn          |a ana      </controlfield>
  <datafield tag="010" ind1=" " ind2=" ">
    <subfield code="a">n  79068347 </subfield>
  </datafield>
  <datafield tag="035" ind1=" " ind2=" ">
    <subfield code="a">(OCoLC)oca00301197</subfield>
  </datafield>
  <datafield tag="040" ind1=" " ind2=" ">
    <subfield code="a">DLC</subfield>
    <subfield code="b">eng</subfield>
    <subfield code="e">rda</subfield>
    <subfield code="c">DLC</subfield>
    <subfield code="d">DLC</subfield>
    <subfield code="d">OCoLC</subfield>
    <subfield code="d">DLC</subfield>
    <subfield code="d">UPB</subfield>
  </datafield>
  <datafield tag="046" ind1=" " ind2=" ">
    <subfield code="k">13</subfield>
  </datafield>
  <datafield tag="130" ind1=" " ind2="0">
    <subfield code="a">Sir Gawain and the Green Knight</subfield>
  </datafield>
  <datafield tag="370" ind1=" " ind2=" ">
    <subfield code="g">West Midlands (England)</subfield>
    <subfield code="g">Cheshire (England)</subfield>
    <subfield code="g">Staffordshire (England)</subfield>
    <subfield code="2">naf</subfield>
  </datafield>
  <datafield tag="380" ind1=" " ind2=" ">
    <subfield code="a">Poetry</subfield>
    <subfield code="2">lcgft</subfield>
  </datafield>
  <datafield tag="381" ind1=" " ind2=" ">
    <subfield code="a">Middle English poem</subfield>
  </datafield>
  <datafield tag="430" ind1=" " ind2="0">
    <subfield code="a">Gawain and the Grene Knight</subfield>
  </datafield>
  <datafield tag="430" ind1=" " ind2="0">
    <subfield code="a">Sir Gawain and the Grene Knight</subfield>
  </datafield>
  <datafield tag="430" ind1=" " ind2="0">
    <subfield code="a">Sir Gawayne and the Grene Knight</subfield>
  </datafield>
  <datafield tag="430" ind1=" " ind2="0">
    <subfield code="a">Gawayne and the Grene Knight</subfield>
  </datafield>
  <datafield tag="670" ind1=" " ind2=" ">
    <subfield code="a">Oxford companion to world mythology online, viewed July 30, 2013:</subfield>
    <subfield code="b">(a fourteenth-century Middle English romance Sir Gawain and the Green Knight)</subfield>
  </datafield>
  <datafield tag="670" ind1=" " ind2=" ">
    <subfield code="a">Encyclopaedia Britannica online, viewed July 30, 2013</subfield>
    <subfield code="b">(Sir Gawayne and the Grene Knight, also spelled Sir Gawain and the Green Knight)</subfield>
  </datafield>
  <datafield tag="670" ind1=" " ind2=" ">
    <subfield code="a">Brewer's dictionary of phrase and fable, viewed online July 30,2013</subfield>
    <subfield code="b">(Middle English poem Sir Gawain and the Green Knight, c.1360)</subfield>
  </datafield>
  <datafield tag="670" ind1=" " ind2=" ">
    <subfield code="a">Sir Gawain and the Grene Knight, 1960</subfield>
  </datafield>
  <datafield tag="670" ind1=" " ind2=" ">
    <subfield code="a">The poems of the Pearl manuscript, 2015:</subfield>
    <subfield code="b">page 17, etc. (the four poems survive in a single manuscript, British Library MS Cotton Nero A.x, generally believed to date from the late fourteenth century; the manuscript does not title the poems; the titles familiar to modern readers were supplied by the 19th century editors Sir Frederic Madden (Sir Gawain and the Green Knight) and Richard Morris (Pearl, Patience, and Cleanliness (or Purity); the English dialect is that of West Midlands, more precisely, South East Cheshire or North East Staffordshire; the four poems may have been written by the same unknown 14th century author) page 42 (Sir Gawain and the Green Knight, poem of 2530 lines arranged into 101 stanzas; each stanza consists of between 12 and 37 alliterative long lines, followed by a five line "bob and whell"; the poem is divided into four sections, often termed "fitts")</subfield>
  </datafield>
</record>